@misc{ wiki:erp,
	author = "Wikipedia",
	title = "Sistema de planificaci√≥n de recursos empresariales --- Wikipedia{,} La enciclopedia libre",
	year = "2021",
	url = "https://es.wikipedia.org/w/index.php?title=Sistema_de_planificaci%C3%B3n_de_recursos_empresariales&oldid=140538467",
	note = "[Internet; descargado 18-enero-2022]"
}